@article{PhysRevA.44.4704,
  title = {Quantum coherence and classical chaos in a pulsed parametric oscillator with a Kerr nonlinearity},
  author = {Milburn, G. J. and Holmes, C. A.},
  journal = {Phys. Rev. A},
  volume = {44},
  issue = {7},
  pages = {4704--4711},
  numpages = {0},
  year = {1991},
  month = {Oct},
  publisher = {American Physical Society},
  doi = {10.1103/PhysRevA.44.4704},
  url = {https://link.aps.org/doi/10.1103/PhysRevA.44.4704}
}

@article{PhysRevA.48.2494,
  title = {Quantum tunneling in a Kerr medium with parametric pumping},
  author = {Wielinga, B. and Milburn, G. J.},
  journal = {Phys. Rev. A},
  volume = {48},
  issue = {3},
  pages = {2494--2496},
  numpages = {0},
  year = {1993},
  month = {Sep},
  publisher = {American Physical Society},
  doi = {10.1103/PhysRevA.48.2494},
  url = {https://link.aps.org/doi/10.1103/PhysRevA.48.2494}
}
